@article{martinez2016,
title     = {ID16B: a hard X-ray nanoprobe beamline at the ESRF for nano-analysis},
author    = {Martinez-Criado, Gema and Villanova, Julie and Tucoulou, Remi and Salomon, Damien and Suuronen, J-P and Laboure, Sylvain and Guilloud, Cyril and Valls, Valentin and Barrett, Raymond and Gagliardini, Eric and others},
journal   = {Journal of synchrotron radiation},
volume    = {23},
pages     = {344--352},
year      = {2016},
month     = {1},
doi       = {10.1107/S1600577515019839},
publisher = {International Union of Crystallography}
}
@unpublished{DucotteMEDSI2016,
author = {Ducotte, L and Clement, J.M and Gleyzolle, H and Wright, J},
title  = {The new ID11 nanoscope end-station - a nano-tomography scanner},
note   = {presented at MEDSI'16, Barcelona, Spain, Sept. 2016, unpublished}
}
@inproceedings{ogurreck2013nanotomography,
title     = {The nanotomography endstation at the PETRA III imaging beamline},
author    = {Ogurreck, M and Wilde, F and Herzen, J and Beckmann, F and Nazmov, V and Mohr, J and Haibel, A and M{\"u}ller, M and Schreyer, A},
booktitle = {Journal of Physics: Conference Series},
volume    = {425},
number    = {18},
year      = {2013},
doi       = {10.1088/1742-6596/425/18/182002}
}
% Stewart Platform
@article{Geng1992,
author  = {Geng, Zheng and Haynes, Leonard S},
journal = {Journal of Robotic Systems},
number  = {5},
pages   = {725--744},
title   = {Six-degree-of-freedom active vibration isolation using a stewart platform mechanism},
volume  = {10},
doi     = {10.1109/87.273110},
year    = {1992}
}

@article{McInroy1999a,
author  = {McInroy, J.E.},
journal = {Proc. of the 1999 IEEE International Conference On Control Applications, Kohala Coast, Hawaii, USA},
pages   = {508--513},
title   = {Dynamic modeling of flexure jointed hexapods for control purposes},
doi     = {10.1109/CCA.1999.806694},
year    = {1999}
}
@article{preumont2007,
author  = {Preumont, A. and Horodinca, M. and Romanescu, I. and de Marneffe, B. and Avraam, M. and Deraemaeker, A. and Bossens, F.},
journal = {Journal of Sound and Vibration},
number  = {3-5},
title   = {A six-axis single-stage active vibration isolator based on Stewart platform},
volume  = {300},
doi     = {10.1016/j.jsv.2006.07.050},
year    = {2007}
}
@article{McInroy2000,
author  = {McInroy, John E. and Hamann, Jerry C.},
journal = {IEEE Transactions on Robotics and Automation},
number  = {4},
pages   = {372--381},
title   = {Design and control of flexure jointed hexapods},
volume  = {16},
doi     = {10.1109/70.864229},
year    = {2000}
}


